@book{graphtheory,
  title={Graph Theory 1736-1936},
  author={Norman L. Biggs, E. Keith Lloyd, and Robin J. Wilson},
  isbn={978-0-19-853916-2},
  url={http://ukcatalogue.oup.com/product/9780198539162.do},
  year={11 December 1986},
  publisher={Clarendon Press}
}

@article{optimization,
   TITLE   = {Optimization, Learning and Natural Algorithms},  
   AUTHOR  = {Durigo Marco},
   YEAR    = {1992},
   JOURNAL = {Ph.D.Thesis},
   url = {http://iridia.ulb.ac.be/dorigo/pub_x_subj.html#Ants}
}
